@misc{Hansen, 
title={Iterative methods for linear algebraic systems},
url={http://www.damtp.cam.ac.uk/research/afha/lectures/Part_II_NumAn/Lect_17_slides.pdf}, journal={Numerical Analysis- Part II},
author={Hansen, Anders C.}
} 

@booklet{Gallier,
title={Fundamentals of Linear Algebra and Optimization}, 
url={https://www.seas.upenn.edu/~cis5150/linalg2.pdf}, 
publisher={Department of Computer and Information Science, University of Pennsylvania}, 
author={Gallier, Jean},
pages={253}
} 