@article{Schur1917,
  author  = {Schur, J.},
  journal = {Journal für die reine und angewandte Mathematik},
  pages   = {205-232},
  title   = {Über Potenzreihen, die im Innern des Einheitskreises beschränkt sind.},
  url     = {http://eudml.org/doc/149467},
  volume  = {147},
  year    = {1917}
}
