@misc{Quad, 
title={Quadratic Convergence of Newtonâ€™s Method},
url={https://cs.nyu.edu/~overton/NumericalComputing/newton.pdf},
author={Michael Overton}
} 